<?xml version="1.0" encoding="UTF-8"?><collection xmlns="http://www.loc.gov/MARC21/slim"><record><leader>00411nam--2200133-i-4500</leader><controlfield tag="001">000015147</controlfield><controlfield tag="002">20161230</controlfield><controlfield tag="005">20161230201031</controlfield><controlfield tag="008">060222s1000------------r-----000-0-eng-d</controlfield><datafield ind1=" " ind2=" " tag="080"><subfield code="a">546.23 (043)</subfield></datafield><datafield ind1=" " ind2=" " tag="100"><subfield code="a">Audiere, Jean - Paul</subfield></datafield><datafield ind1=" " ind2=" " tag="245"><subfield code="a">Preparation rigoureusement controlee de differents types de selenium non-cristal- lin. these</subfield></datafield><datafield ind1=" " ind2=" " tag="260"><subfield code="a">Orsay, L Universite De Paris-sud, 1978 Iv + 85 P</subfield></datafield><datafield ind1=" " ind2=" " tag="852"><subfield code="a">77295</subfield></datafield></record></collection>